<?xml version="1.0" encoding="UTF-8"?><collection xmlns="http://www.loc.gov/MARC21/slim"><record><leader>00401nam--2200121-i-4500</leader><controlfield tag="001">000046333</controlfield><controlfield tag="002">20161230</controlfield><controlfield tag="005">20161230201045</controlfield><controlfield tag="008">060222s1000------------r-----000-0-eng-d</controlfield><datafield ind1=" " ind2=" " tag="100"><subfield code="a">Venkatesh,Vellore</subfield></datafield><datafield ind1=" " ind2=" " tag="245"><subfield code="a">Contrib.a l`etude ph.des modlites d`usure des outils en aciers rapides de didderentes compositions</subfield></datafield><datafield ind1=" " ind2=" " tag="260"><subfield code="a">Paris, La Faculte Des Sc.De L`Univ.,1963. 47 P.+ 32 Fig.+16 Foto</subfield></datafield><datafield ind1=" " ind2=" " tag="852"><subfield code="a">22778</subfield></datafield></record></collection>